<record><leader>00000cas a2200000 a 4500</leader><controlfield tag="001">9769420</controlfield><controlfield tag="008">830802d19791982nbuwr ne      0    0ger d</controlfield><datafield ind1=" " ind2=" " tag="010"><subfield code="a">sn 83045825 </subfield></datafield><datafield ind1=" " ind2=" " tag="040"><subfield code="a">CRL</subfield><subfield code="b">eng</subfield><subfield code="c">CRL</subfield><subfield code="d">NPW</subfield><subfield code="d">CRL</subfield><subfield code="d">NVG</subfield><subfield code="d">DLC</subfield><subfield code="d">NVG</subfield><subfield code="d">OCL</subfield><subfield code="d">OCLCQ</subfield><subfield code="d">OCLCF</subfield><subfield code="d">OCLCO</subfield></datafield><datafield ind1="1" ind2=" " tag="029"><subfield code="a">AU@</subfield><subfield code="b">000025818551</subfield></datafield><datafield ind1=" " ind2=" " tag="042"><subfield code="a">msc</subfield></datafield><datafield ind1=" " ind2=" " tag="043"><subfield code="a">n-us-nb</subfield></datafield><datafield ind1="0" ind2="0" tag="245"><subfield code="a">America-Herold und Sonntagspost.</subfield></datafield><datafield ind1=" " ind2=" " tag="260"><subfield code="a">Omaha, Neb. :</subfield><subfield code="b">Tribune Pub. Co.,</subfield><subfield code="c">1979-1982.</subfield></datafield><datafield ind1=" " ind2=" " tag="300"><subfield code="a">5 v. :</subfield><subfield code="b">ill.</subfield></datafield><datafield ind1=" " ind2=" " tag="310"><subfield code="a">Weekly</subfield></datafield><datafield ind1="0" ind2=" " tag="362"><subfield code="a">101. v., issue 52 (6. Apr. 1979)-105. v., issue 7 (28. Mai 1982).</subfield></datafield><datafield ind1=" " ind2=" " tag="546"><subfield code="a">In German.</subfield></datafield><datafield ind1=" " ind2=" " tag="580"><subfield code="a">Formed by the union of: America-Herold (Omaha, Neb.), and: Sonntagspost (Winona, Minn.).</subfield></datafield><datafield ind1=" " ind2=" " tag="580"><subfield code="a">Merged with: Buffalo Volksfreund, and: California freie Prese, and: Cincinnati Kurier, and: Deutsche Wochen Schrift, and: Milwaukee-Herold (Winona, Minn. : Weekly), and: Volkszeitung-Tribu&#776;ne, and: Welt-Post und der Staats-Anzeiger, to form: Amerika Woche.</subfield></datafield><datafield ind1=" " ind2="0" tag="650"><subfield code="a">Germans</subfield><subfield code="z">United States</subfield><subfield code="v">Newspapers.</subfield></datafield><datafield ind1=" " ind2="0" tag="650"><subfield code="a">German Americans</subfield><subfield code="v">Newspapers.</subfield></datafield><datafield ind1=" " ind2="0" tag="650"><subfield code="a">German American newspapers.</subfield></datafield><datafield ind1=" " ind2="0" tag="651"><subfield code="a">Omaha (Neb.)</subfield><subfield code="v">Newspapers.</subfield></datafield><datafield ind1=" " ind2="7" tag="655"><subfield code="a">Newspapers.</subfield><subfield code="2">fast</subfield><subfield code="0">(OCoLC)fst01423814</subfield></datafield><datafield ind1=" " ind2="7" tag="650"><subfield code="a">German American newspapers.</subfield><subfield code="2">fast</subfield><subfield code="0">(OCoLC)fst00941297</subfield></datafield><datafield ind1=" " ind2="7" tag="650"><subfield code="a">German Americans.</subfield><subfield code="2">fast</subfield><subfield code="0">(OCoLC)fst00941308</subfield></datafield><datafield ind1=" " ind2="7" tag="650"><subfield code="a">Germans.</subfield><subfield code="2">fast</subfield><subfield code="0">(OCoLC)fst00942100</subfield></datafield><datafield ind1=" " ind2="7" tag="651"><subfield code="a">Nebraska</subfield><subfield code="z">Omaha.</subfield><subfield code="2">fast</subfield><subfield code="0">(OCoLC)fst01204995</subfield></datafield><datafield ind1=" " ind2="7" tag="651"><subfield code="a">United States.</subfield><subfield code="2">fast</subfield><subfield code="0">(OCoLC)fst01204155</subfield></datafield><datafield ind1=" " ind2=" " tag="752"><subfield code="a">United States</subfield><subfield code="b">Nebraska</subfield><subfield code="c">Douglas</subfield><subfield code="d">Omaha.</subfield></datafield><datafield ind1="1" ind2="4" tag="780"><subfield code="t">Sonntagspost (Winona, Minn.)</subfield><subfield code="w">(DLC)sn 83025335</subfield></datafield><datafield ind1="1" ind2="4" tag="780"><subfield code="t">America-Herold (Omaha, Neb.)</subfield><subfield code="w">(DLC)sn 83045824</subfield><subfield code="w">(OCoLC)9769602</subfield></datafield><datafield ind1="1" ind2="7" tag="785"><subfield code="t">Buffalo Volksfreund</subfield><subfield code="w">(DLC)sn 91066552</subfield></datafield><datafield ind1="1" ind2="7" tag="785"><subfield code="t">California freie Presse</subfield></datafield><datafield ind1="1" ind2="7" tag="785"><subfield code="t">Cincinnati Kurier</subfield><subfield code="w">(DLC)sn 88077374</subfield></datafield><datafield ind1="1" ind2="7" tag="785"><subfield code="t">Deutsche Wochen Schrift</subfield><subfield code="w">(DLC)sn 90061153</subfield></datafield><datafield ind1="1" ind2="7" tag="785"><subfield code="t">Milwaukee-Herold (Winona, Minn. : Weekly)</subfield><subfield code="w">(DLC)sn 84037023</subfield></datafield><datafield ind1="1" ind2="7" tag="785"><subfield code="t">Volkszeitung-Tribu&#776;ne</subfield><subfield code="w">(DLC)sn 83045445</subfield></datafield><datafield ind1="1" ind2="7" tag="785"><subfield code="t">Welt-Post und der Staats-Anzeiger</subfield></datafield><datafield ind1="1" ind2="7" tag="785"><subfield code="t">Amerika Woche</subfield><subfield code="x">0745-6557</subfield><subfield code="w">(DLC)sn 83007175</subfield><subfield code="w">(OCoLC)9328374</subfield></datafield></record>